@misc{nakamoto2008bitcoin,
  title={Bitcoin: A peer-to-peer electronic cash system},
  author={Nakamoto, Satoshi},
  year={2008}
}

@inproceedings{decker2013information,
  title={Information propagation in the bitcoin network},
  author={Decker, Christian and Wattenhofer, Roger},
  booktitle={Peer-to-Peer Computing (P2P), 2013 IEEE Thirteenth International Conference on},
  pages={1--10},
  year={2013},
  organization={IEEE}
}

@article{miller2015discovering,
  title={Discovering bitcoinâ€™s public topology and influential nodes},
  author={Andrew Miller and Litton, James and Pachulski, Andrew and Gupta, Neal and Levin, Dave and Spring, Neil and Bhattacharjee, Bobby},
  journal={et al.},
  year={2015}
}

@online{bitcoinwiki,
  author = {Bitcoin.org},
  title = {Bitcoin Wiki},
  year = 2008,
  url = {https://en.bitcoin.it/wiki/Main_Page},
  urldate = {2017-11-27}
}

@online{bitcoincorewiki,
  author = {Bitcoin.org},
  title = {Bitcoin Developer Documentation},
  year = 2009,
  url = {https://bitcoin.org/en/developer-reference},
  urldate = {2017-11-30}
}

@online{bip152,
  author = {Matt Corallo},
  title = {Compact Block Relay},
  year = 2016,
  url = {https://github.com/bitcoin/bips/blob/master/bip-0152.mediawiki},
  urldate = {2018-09-17}
}

@online{ethereumblog,
  author = {Vitalik Buterin},
  title = {Toward a 12-second Block Time},
  year = 2014,
  url = {https://blog.ethereum.org/2014/07/11/toward-a-12-second-block-time/},
  urldate = {2017-12-5}
}

@inproceedings{apostolaki2016hijacking,
  title={Hijacking bitcoin: Routing attacks on cryptocurrencies},
  author={Apostolaki, Maria and Zohar, Aviv and Vanbever, Laurent},
  booktitle={Security and Privacy (SP), 2017 IEEE Symposium on},
  pages={375--392},
  year={2017},
  organization={IEEE}
}

@inproceedings{jesi2009secure,
  title={Secure peer sampling service: the mosquito attack},
  author={Jesi, Gian Paolo and Montresor, Alberto},
  booktitle={Enabling Technologies: Infrastructures for Collaborative Enterprises, 2009. WETICE'09. 18th IEEE International Workshops on},
  pages={134--139},
  year={2009},
  organization={IEEE}
}

@inproceedings{raposo2016machete,
  title={MACHETE: multi-path communication for security},
  author={Raposo, Diogo and Pardal, Miguel L and Rodrigues, Lu{\'\i}s and Correia, Miguel},
  booktitle={Network Computing and Applications (NCA), 2016 IEEE 15th International Symposium on},
  pages={60--67},
  year={2016},
  organization={IEEE}
}

@inproceedings{li2006bar,
  title={BAR gossip},
  author={Li, Harry C and Clement, Allen and Wong, Edmund L and Napper, Jeff and Roy, Indrajit and Alvisi, Lorenzo and Dahlin, Michael},
  booktitle={Operating systems design and implementation, Proceedings of the 7th symposium on},
  pages={191--204},
  year={2006},
  organization={USENIX Association}
}

@inproceedings{guerraoui2010lifting,
  title={Lifting: lightweight freerider-tracking in gossip},
  author={Guerraoui, Rachid and Huguenin, K{\'e}vin and Kermarrec, Anne-Marie and Monod, Maxime and Prusty, Swagatika},
  booktitle={Middleware, Proceedings of the ACM/IFIP/USENIX 11th International Conference on},
  pages={313--333},
  year={2010},
  organization={Springer}
}

@inproceedings{cohen2003incentives,
  title={Incentives build robustness in BitTorrent},
  author={Cohen, Bram},
  booktitle={Workshop on Economics of Peer-to-Peer systems},
  volume={6},
  pages={68--72},
  year={2003}
}

@inproceedings{ganesh2001scamp,
  title={Scamp: Peer-to-peer lightweight membership service for large-scale group communication},
  author={Ganesh, Ayalvadi J and Kermarrec, Anne-Marie and Massouli{\'e}, Laurent},
  booktitle={Networked Group Communication, International Workshop on},
  pages={44--55},
  year={2001},
  organization={Springer}
}

@inproceedings{leitao2007hyparview,
  title={HyParView: A membership protocol for reliable gossip-based broadcast},
  author={Leitao, Joao and Pereira, Jos{\'e} and Rodrigues, Luis},
  booktitle={Dependable Systems and Networks, 2007. DSN'07. 37th Annual IEEE/IFIP International Conference on},
  pages={419--429},
  year={2007},
  organization={IEEE}
}

@inproceedings{jelasity2004peer,
  title={The peer sampling service: Experimental evaluation of unstructured gossip-based implementations},
  author={Jelasity, M{\'a}rk and Guerraoui, Rachid and Kermarrec, Anne-Marie and Van Steen, Maarten},
  booktitle={Distributed Systems Platforms and Open Distributed Processing, ACM/IFIP/USENIX International Conference on},
  pages={79--98},
  year={2004},
  organization={Springer}
}

@article{bortnikov2009brahms,
  title={Brahms: Byzantine resilient random membership sampling},
  author={Bortnikov, Edward and Gurevich, Maxim and Keidar, Idit and Kliot, Gabriel and Shraer, Alexander},
  journal={Computer Networks},
  volume={53},
  number={13},
  pages={2340--2359},
  year={2009},
  publisher={Elsevier}
}

@inproceedings{jesi2007identifying,
  title={Identifying malicious peers before it's too late: a decentralized secure peer sampling service},
  author={Jesi, Gian Paolo and Hales, David and Van Steen, Maarten},
  booktitle={Self-Adaptive and Self-Organizing Systems, 2007. SASO'07. First International Conference on},
  pages={237--246},
  year={2007},
  organization={IEEE}
}

@techreport{jansen2011shadow,
  title={Shadow: Running Tor in a box for accurate and efficient experimentation},
  author={Jansen, Rob and Hooper, Nicholas},
  year={2011},
  institution={Minnesota Univ Minneapoiis Dept of Computer Science and Engineering}
}

@inproceedings{heilman2015eclipse,
  title={Eclipse Attacks on Bitcoin's Peer-to-Peer Network.},
  author={Heilman, Ethan and Kendler, Alison and Zohar, Aviv and Goldberg, Sharon},
  booktitle={USENIX Security Symposium},
  pages={129--144},
  year={2015}
}

@article{bojja2017dandelion,
  title={Dandelion: Redesigning the bitcoin network for anonymity},
  author={Bojja Venkatakrishnan, Shaileshh and Fanti, Giulia and Viswanath, Pramod},
  journal={Measurement and Analysis of Computing Systems, Proceedings of the ACM on},
  volume={1},
  number={1},
  pages={22},
  year={2017},
  publisher={ACM}
}

@inproceedings{owenson2017proximity,
  title={Proximity awareness approach to enhance propagation delay on the Bitcoin peer-to-peer network},
  author={Owenson, Gareth and Adda, Mo and others},
  booktitle={Distributed Computing Systems (ICDCS), 2017 IEEE 37th International Conference on},
  pages={2411--2416},
  year={2017},
  organization={IEEE}
}

@inproceedings{sapirshtein2016optimal,
  title={Optimal selfish mining strategies in bitcoin},
  author={Sapirshtein, Ayelet and Sompolinsky, Yonatan and Zohar, Aviv},
  booktitle={Financial Cryptography and Data Security, International Conference on},
  pages={515--532},
  year={2016},
  organization={Springer}
}

@article{eyal2018majority,
  title={Majority is not enough: Bitcoin mining is vulnerable},
  author={Eyal, Ittay and Sirer, Emin G{\"u}n},
  journal={Communications of the ACM},
  volume={61},
  number={7},
  pages={95--102},
  year={2018},
  publisher={ACM}
}

@article{epidemicDiss,
  title={Epidemic information dissemination in distributed systems},
  author={Eugster, Patrick T and Guerraoui, Rachid and Kermarrec, A-M and Massouli{\'e}, Laurent},
  journal={Computer},
  volume={37},
  number={5},
  pages={60--67},
  year={2004},
  publisher={IEEE}
}
